%% This BibTeX bibliography file was created using BibDesk.
%% http://bibdesk.sourceforge.net/

%% Created for Paul Mezo at 2020-06-18 11:15:55 -0400 


%% Saved with string encoding Unicode (UTF-8) 

@misc{Kaletha-Minguez,
      title={Endoscopic Classification of Representations: Inner Forms of Unitary Groups}, 
      author={Tasho Kaletha and Alberto Minguez and Sug Woo Shin and Paul-James White},
      year={2014},
      eprint={1409.3731v3},
      archivePrefix={arXiv},
      primaryClass={math.RT}}
      
@article {Contragredient,
    AUTHOR = {Adams, Jeffrey and Vogan, Jr., David A.},
     TITLE = {Contragredient representations and characterizing the local
              {L}anglands correspondence},
   JOURNAL = {Amer. J. Math.},
  FJOURNAL = {American Journal of Mathematics},
    VOLUME = {138},
      YEAR = {2016},
    NUMBER = {3},
     PAGES = {657--682},
      ISSN = {0002-9327,1080-6377},
   MRCLASS = {14D24 (11R39 22E46 22E47)},
  MRNUMBER = {3506381},
MRREVIEWER = {Zongbin\ Chen},
       DOI = {10.1353/ajm.2016.0024},
       URL = {https://doi.org/10.1353/ajm.2016.0024},
}

@article {Kostant59,
    AUTHOR = {Kostant, Bertram},
     TITLE = {The principal three-dimensional subgroup and the {B}etti
              numbers of a complex simple {L}ie group},
   JOURNAL = {Amer. J. Math.},
  FJOURNAL = {American Journal of Mathematics},
    VOLUME = {81},
      YEAR = {1959},
     PAGES = {973--1032},
      ISSN = {0002-9327,1080-6377},
   MRCLASS = {22.00},
  MRNUMBER = {114875},
MRREVIEWER = {A.\ J.\ Coleman},
       DOI = {10.2307/2372999},
       URL = {https://doi.org/10.2307/2372999},
}
@article {HarrisHeOlafsson,
    AUTHOR = {Harris, Benjamin and He, Hongyu and \'{O}lafsson, Gestur},
     TITLE = {Wave front sets of reductive {L}ie group representations},
   JOURNAL = {Duke Math. J.},
  FJOURNAL = {Duke Mathematical Journal},
    VOLUME = {165},
      YEAR = {2016},
    NUMBER = {5},
     PAGES = {793--846},
      ISSN = {0012-7094,1547-7398},
   MRCLASS = {22E45 (22E30 22E46 43A85)},
  MRNUMBER = {3482333},
MRREVIEWER = {Kyo\ Nishiyama},
       DOI = {10.1215/00127094-3167168},
       URL = {https://doi.org/10.1215/00127094-3167168},
}

@article {RossmannPicard,
    AUTHOR = {Rossmann, W.},
     TITLE = {Picard-{L}efschetz theory for the coadjoint quotient of a
              semisimple {L}ie algebra},
   JOURNAL = {Invent. Math.},
  FJOURNAL = {Inventiones Mathematicae},
    VOLUME = {121},
      YEAR = {1995},
    NUMBER = {3},
     PAGES = {531--578},
      ISSN = {0020-9910,1432-1297},
   MRCLASS = {32S50 (17B20 32S40)},
  MRNUMBER = {1353308},
MRREVIEWER = {Aleksandr\ G.\ Aleksandrov},
       DOI = {10.1007/BF01884311},
       URL = {https://doi.org/10.1007/BF01884311},
}

@article {MR1,
    AUTHOR = {Moeglin, Colette and Renard, David},
     TITLE = {Sur les paquets d'{A}rthur des groupes classiques r\'{e}els},
   JOURNAL = {J. Eur. Math. Soc. (JEMS)},
  FJOURNAL = {Journal of the European Mathematical Society (JEMS)},
    VOLUME = {22},
      YEAR = {2020},
    NUMBER = {6},
     PAGES = {1827--1892},
      ISSN = {1435-9855},
   MRCLASS = {22E50 (11F70 20G05)},
  MRNUMBER = {4092900},
       DOI = {10.4171/jems/957},
       URL = {https://doi-org.proxy.library.carleton.ca/10.4171/jems/957},}

@incollection {MR2,
    AUTHOR = {Moeglin, Colette and Renard, David},
     TITLE = {Sur les paquets d'{A}rthur aux places r\'{e}elles, translation},
 BOOKTITLE = {Geometric aspects of the trace formula},
    SERIES = {Simons Symp.},
     PAGES = {299--320},
 PUBLISHER = {Springer, Cham},
      YEAR = {2018},
   MRCLASS = {22E50},
  MRNUMBER = {3969879},
MRREVIEWER = {Chen Wan},}

@incollection {MR3,
    AUTHOR = {Moeglin, Colette and Renard, David},
     TITLE = {Sur les paquets d'{A}rthur des groupes classiques et unitaires
              non quasi-d\'{e}ploy\'{e}s},
 BOOKTITLE = {Relative aspects in representation theory, {L}anglands
              functoriality and automorphic forms},
    SERIES = {Lecture Notes in Math.},
    VOLUME = {2221},
     PAGES = {341--361},
 PUBLISHER = {Springer, Cham},
      YEAR = {2018},
   MRCLASS = {22E35 (11-XX)},
  MRNUMBER = {3839702},
MRREVIEWER = {Alan Roche},}

@article {MR4,
    AUTHOR = {M\oe glin, Colette and Renard, David},
     TITLE = {Sur les paquets d'{A}rthur des groupes unitaires et quelques
              cons\'{e}quences pour les groupes classiques},
   JOURNAL = {Pacific J. Math.},
  FJOURNAL = {Pacific Journal of Mathematics},
    VOLUME = {299},
      YEAR = {2019},
    NUMBER = {1},
     PAGES = {53--88},
      ISSN = {0030-8730},
   MRCLASS = {20G05 (11F55 22E50)},
  MRNUMBER = {3947270},
MRREVIEWER = {Alan Roche},
       DOI = {10.2140/pjm.2019.299.53},
       URL = {https://doi-org.proxy.library.carleton.ca/10.2140/pjm.2019.299.53},}

@article {MR5,
    AUTHOR = {Moeglin, Colette and Renard, David},
     TITLE = {Sur les paquets d'{A}rthur de {\bf {S}p}({$2n, \Bbb R$})
              contenant des modules unitaires de plus haut poids, scalaires},
   JOURNAL = {Nagoya Math. J.},
  FJOURNAL = {Nagoya Mathematical Journal},
    VOLUME = {241},
      YEAR = {2021},
     PAGES = {44--124},
      ISSN = {0027-7630},
   MRCLASS = {22E50},
  MRNUMBER = {4213739},
       DOI = {10.1017/nmj.2019.15},
       URL = {https://doi-org.proxy.library.carleton.ca/10.1017/nmj.2019.15},}


@article {Carter,
    AUTHOR = {Carter, R. W.},
     TITLE = {Conjugacy classes in the {W}eyl group},
   JOURNAL = {Compositio Math.},
     VOLUME = {25},
      YEAR = {1972},
     PAGES = {1--59}}
     
@article {Adams-Taibi,
    AUTHOR = {Adams, Jeffrey and Ta\"{\i}bi, Olivier},
     TITLE = {Galois and {C}artan cohomology of real groups},
   JOURNAL = {Duke Math. J.},
      VOLUME = {167},
      YEAR = {2018},
    NUMBER = {6},
     PAGES = {1057--1097}}

@article {Taibi,
    AUTHOR = {Ta\"{\i}bi, Olivier},
     TITLE = {Dimensions of spaces of level one automorphic forms for split
              classical groups using the trace formula},
   JOURNAL = {Ann. Sci. \'{E}c. Norm. Sup\'{e}r. (4)},
    VOLUME = {50},
      YEAR = {2017},
    NUMBER = {2},
     PAGES = {269--344}}

@article {casshah,
    AUTHOR = {Casselman, William and Shahidi, Freydoon},
     TITLE = {On irreducibility of standard modules for generic
              representations},
   JOURNAL = {Ann. Sci. \'{E}cole Norm. Sup. (4)},
    VOLUME = {31},
      YEAR = {1998},
    NUMBER = {4},
     PAGES = {561--589}}

@article {unitaryDual,
    AUTHOR = {Adams, Jeffrey D. and van Leeuwen, Marc A. A. and Trapa, Peter
              E. and Vogan, Jr., David A.},
     TITLE = {Unitary representations of real reductive groups},
   JOURNAL = {Ast\'{e}risque},
  FJOURNAL = {Ast\'{e}risque},
    NUMBER = {417},
      YEAR = {2020},
     PAGES = {viii + 188},
      ISSN = {0303-1179},
      ISBN = {978-2-85629-918-0},
   MRCLASS = {22E46 (17B15 20G05)},
  MRNUMBER = {4146144},
       DOI = {10.24033/ast},
       URL = {https://doi-org.proxy-um.researchport.umd.edu/10.24033/ast},
}

@article {AvLTV,
    AUTHOR = {Adams, Jeffrey D. and van Leeuwen, Marc A. A. and Trapa, Peter
              E. and Vogan, Jr., David A.},
     TITLE = {Unitary representations of real reductive groups},
   JOURNAL = {Ast\'{e}risque},
  FJOURNAL = {Ast\'{e}risque},
    NUMBER = {417},
      YEAR = {2020},
     PAGES = {viii + 188},
      ISSN = {0303-1179},
      ISBN = {978-2-85629-918-0},
   MRCLASS = {22E46 (17B15 20G05)},
  MRNUMBER = {4146144},
       DOI = {10.24033/ast},
       URL = {https://doi-org.proxy-um.researchport.umd.edu/10.24033/ast},
}

@article {shelstad,
    AUTHOR = {Shelstad, D.},
     TITLE = {Characters and inner forms of a quasi-split group over {${\bf
              R}$}},
   JOURNAL = {Compositio Math.},
    VOLUME = {39},
      YEAR = {1979},
    NUMBER = {1},
     PAGES = {11--45}}

@book {Serre_Galois,
    AUTHOR = {Serre, Jean-Pierre},
     TITLE = {Galois cohomology},
    SERIES = {Springer Monographs in Mathematics},
      YEAR = {2002},
     PAGES = {x+210},
      ISBN = {3-540-42192-0},
   MRCLASS = {12G05 (11R34)},
  MRNUMBER = {1867431},
}

@misc{adamsnotes,
      title={Computing twisted KLV polynomials},
      author={Jeffrey Adams},
      year={2017},
      eprint={1710.04709},
      archivePrefix={arXiv},
      primaryClass={math.RT}
}

@misc{AMR1,
      title={Paquets d'Arthur des groupes classiques et unitaires}, 
      author={Nicolás Arancibia and Colette Moeglin and David Renard},
      year={2017},
      eprint={1507.01432},
      archivePrefix={arXiv},
      primaryClass={math.RT}
}

@article {Shelstad12,
    AUTHOR = {Shelstad, D.},
     TITLE = {On geometric transfer in real twisted endoscopy},
   JOURNAL = {Ann. of Math. (2)},
    VOLUME = {176},
      YEAR = {2012},
    NUMBER = {3},
     PAGES = {1919--1985}}

@article {Sha80,
    AUTHOR = {Shahidi, Freydoon},
     TITLE = {Whittaker models for real groups},
   JOURNAL = {Duke Math. J.},
    VOLUME = {47},
      YEAR = {1980},
    NUMBER = {1},
     PAGES = {99--125}}

@article {Sha81,
    AUTHOR = {Shahidi, Freydoon},
     TITLE = {On certain {$L$}-functions},
   JOURNAL = {Amer. J. Math.},
     VOLUME = {103},
      YEAR = {1981},
    NUMBER = {2},
     PAGES = {297--355}}

@misc{arancibia_characteristic,
      title={Characteristic cycles, micro local packets and packets with cohomology}, 
      author={Nicolás Arancibia},
      year={2019},
      eprint={1906.09214},
      archivePrefix={arXiv},
      primaryClass={math.RT}
}

@article {Kostant78,
    AUTHOR = {Kostant, Bertram},
     TITLE = {On {W}hittaker vectors and representation theory},
   JOURNAL = {Invent. Math.},
    VOLUME = {48},
      YEAR = {1978},
    NUMBER = {2},
     PAGES = {101--184}}

@inproceedings {borel,
    AUTHOR = {Borel, A.},
     TITLE = {Automorphic {$L$}-functions},
 BOOKTITLE = {Automorphic forms, representations and {$L$}-functions
              ({P}roc. {S}ympos. {P}ure {M}ath., {O}regon {S}tate {U}niv.,
              {C}orvallis, {O}re., 1977), {P}art 2},
    SERIES = {Proc. Sympos. Pure Math., XXXIII},
     PAGES = {27--61},
 PUBLISHER = {Amer. Math. Soc., Providence, R.I.},
      YEAR = {1979}}
      
@incollection {Knapp94,
    AUTHOR = {Knapp, A. W.},
     TITLE = {Local {L}anglands correspondence: the {A}rchimedean case},
 BOOKTITLE = {Motives ({S}eattle, {WA}, 1991)},
    SERIES = {Proc. Sympos. Pure Math.},
    VOLUME = {55},
     PAGES = {393--410},
 PUBLISHER = {Amer. Math. Soc., Providence, RI},
      YEAR = {1994}}

@incollection {Tadic,
    AUTHOR = {Tadi\'{c}, Marko},
     TITLE = {{${\rm GL}(n,\mathbb C)\sphat$} and {${\rm GL}(n,\mathbb R)\sphat$}},
 BOOKTITLE = {Automorphic forms and {$L$}-functions {II}. {L}ocal aspects},
    SERIES = {Contemp. Math.},
    VOLUME = {489},
     PAGES = {285--313},
 PUBLISHER = {Amer. Math. Soc., Providence, RI},
      YEAR = {2009}}

@book{Arthur,
	Author = {Arthur, James},
	Isbn = {978-0-8218-4990-3},
	Mrclass = {22E55 (11F66 11R37 20G25 22E50)},
	Mrnumber = {3135650},
	Note = {Orthogonal and symplectic groups},
	Pages = {xviii+590},
	Publisher = {American Mathematical Society, Providence, RI},
	Series = {American Mathematical Society Colloquium Publications},
	Title = {The endoscopic classification of representations},
	Volume = {61},
	Year = {2013}}

@article{Mezo,
	Author = {Mezo, Paul},
	Isbn = {978-0-8218-7565-0},
	Issn = {0065-9266},
	Journal = {Mem. Amer. Math. Soc.},
	Number = {1042},
	Pages = {vi+94},
	Title = {Character identities in the twisted endoscopy of real reductive groups},
	Volume = {222},
	Year = {2013}}


@article{Mezo2,
AUTHOR = {Mezo, Paul},
     TITLE = {Tempered spectral transfer in the twisted endoscopy of real
              groups},
   JOURNAL = {J. Inst. Math. Jussieu},
    VOLUME = {15},
      YEAR = {2016},
    NUMBER = {3},
     PAGES = {569--612}}
	
@article{NAR,
	Author = {Arancibia, Nicol{\'a}s},
	Journal = {ArXiv:1512.03078},
	Title = {Construction d'un complexe diff{\'e}rentiel pour des modules de Speh $\theta$-invariants}}

@article{these,
	Author = {Arancibia, Nicol{\'a}s},
	Journal = {http://www.theses.fr/2015PA066119},
	Title = {Paquets d'Arthur des Repr{\'e}sentations Cohomologiques}}

@book{ABV,
	Author = {Adams, Jeffrey and Barbasch, Dan and Vogan, David},
	Doi = {10.1007/978-1-4612-0383-4},
	Isbn = {0-8176-3634-X},
	Mrclass = {22-02 (22E47)},
	Mrnumber = {1162533 (93j:22001)},
	Mrreviewer = {Brian E. Blank},
	Pages = {xii+318},
	Publisher = {Birkh\"auser Boston, Inc., Boston, MA},
	Series = {Progress in Mathematics},
	Title = {The {L}anglands classification and irreducible characters for real reductive groups},
	Url = {http://dx.doi.org/10.1007/978-1-4612-0383-4},
	Volume = {104},
	Year = {1992},
	Bdsk-Url-1 = {http://dx.doi.org/10.1007/978-1-4612-0383-4}}

@incollection{Moeglin-11,
	Author = {M{\oe}glin, C.},
	Booktitle = {On certain {$L$}-functions},
	Mrclass = {22E50 (11F70 22E35)},
	Mrnumber = {2767522 (2012f:22033)},
	Mrreviewer = {Ravi Raghunathan},
	Pages = {333--374},
	Publisher = {Amer. Math. Soc., Providence, RI},
	Series = {Clay Math. Proc.},
	Title = {Multiplicit\'e 1 dans les paquets d'{A}rthur aux places {$p$}-adiques},
	Volume = {13},
	Year = {2011}}

@incollection{BBD,
	Author = {Be{\u\i}linson, A. A. and Bernstein, J. and Deligne, P.},
	Booktitle = {Analysis and topology on singular spaces, {I} ({L}uminy, 1981)},
	Mrclass = {32C38},
	Mrnumber = {751966},
	Mrreviewer = {Zoghman Mebkhout},
	Pages = {5--171},
	Publisher = {Soc. Math. France, Paris},
	Series = {Ast\'erisque},
	Title = {Faisceaux pervers},
	Volume = {100},
	Year = {1982}}

@article{Adams-Johnson,
	Author = {Adams, Jeffrey and Johnson, Joseph F.},
	Coden = {CMPMAF},
	Issn = {0010-437X},
	Journal = {Compositio Math.},
	Mrclass = {22E45 (11F70 11F72 22E50)},
	Mrnumber = {918414 (89h:22022)},
	Mrreviewer = {Dan Barbasch},
	Number = {3},
	Pages = {271--309},
	Title = {Endoscopic groups and packets of nontempered representations},
	Url = {http://www.numdam.org/item?id=CM_1987__64_3_271_0},
	Volume = {64},
	Year = {1987},
	Bdsk-Url-1 = {http://www.numdam.org/item?id=CM_1987__64_3_271_0}}

@article{Mok,
	Author = {Mok, Chung Pang},
	Doi = {10.1090/memo/1108},
	Isbn = {978-1-4704-1041-4; 978-1-4704-2226-4},
	Issn = {0065-9266},
	Journal = {Mem. Amer. Math. Soc.},
	Mrclass = {22E55 (11R42 22E50)},
	Mrnumber = {3338302},
	Mrreviewer = {Neven Grbac},
	Number = {1108},
	Pages = {vi+248},
	Title = {Endoscopic classification of representations of quasi-split unitary groups},
	Url = {http://dx.doi.org/10.1090/memo/1108},
	Volume = {235},
	Year = {2015},
	Bdsk-Url-1 = {http://dx.doi.org/10.1090/memo/1108}}

@article{Vogan-Zuckerman,
	Author = {Vogan, Jr., David A. and Zuckerman, Gregg J.},
	Coden = {CMPMAF},
	Issn = {0010-437X},
	Journal = {Compositio Math.},
	Mrclass = {22E47 (11F67 11F70 32N10)},
	Mrnumber = {762307 (86k:22040)},
	Mrreviewer = {Dan Barbasch},
	Number = {1},
	Pages = {51--90},
	Title = {Unitary representations with nonzero cohomology},
	Url = {http://www.numdam.org/item?id=CM_1984__53_1_51_0},
	Volume = {53},
	Year = {1984},
	Bdsk-Url-1 = {http://www.numdam.org/item?id=CM_1984__53_1_51_0}}

@incollection{KL,
	Author = {Kazhdan, David and Lusztig, George},
	Booktitle = {Geometry of the {L}aplace operator ({P}roc. {S}ympos. {P}ure {M}ath., {U}niv. {H}awaii, {H}onolulu, {H}awaii, 1979)},
	Mrclass = {14M15 (55N35 57R19)},
	Mrnumber = {573434},
	Pages = {185--203},
	Publisher = {Amer. Math. Soc., Providence, R.I.},
	Series = {Proc. Sympos. Pure Math., XXXVI},
	Title = {Schubert varieties and {P}oincar\'e duality},
	Year = {1980}}

@article {KL79,
    AUTHOR = {Kazhdan, David and Lusztig, George},
     TITLE = {Representations of {C}oxeter groups and {H}ecke algebras},
   JOURNAL = {Invent. Math.},
  FJOURNAL = {Inventiones Mathematicae},
    VOLUME = {53},
      YEAR = {1979},
    NUMBER = {2},
     PAGES = {165--184}}

@article{BB,
	Author = {Beilinson, Alexandre and Bernstein, Joseph},
	Issn = {0151-0509},
	Journal = {C. R. Acad. Sci. Paris S\'er. I Math.},
	Mrclass = {14F05 (17B35 20G05)},
	Mrnumber = {610137 (82k:14015)},
	Mrreviewer = {Floyd L. Williams},
	Number = {1},
	Pages = {15--18},
	Title = {Localisation de {$g$}-modules},
	Volume = {292},
	Year = {1981}}

@article{Barbasch-Vogan,
	Author = {Barbasch, Dan and Vogan, Jr., David A.},
	Coden = {ANMAAH},
	Doi = {10.2307/1971193},
	Fjournal = {Annals of Mathematics. Second Series},
	Issn = {0003-486X},
	Journal = {Ann. of Math. (2)},
	Mrclass = {22E46 (20G05 22E50)},
	Mrnumber = {782556},
	Mrreviewer = {Floyd L. Williams},
	Number = {1},
	Pages = {41--110},
	Title = {Unipotent representations of complex semisimple groups},
	Url = {http://dx.doi.org/10.2307/1971193},
	Volume = {121},
	Year = {1985},
	Bdsk-Url-1 = {http://dx.doi.org/10.2307/1971193}}

@article{Barbasch,
	Author = {Barbasch, Dan},
	Coden = {INVMBH},
	Doi = {10.1007/BF01393972},
	Fjournal = {Inventiones Mathematicae},
	Issn = {0020-9910},
	Journal = {Invent. Math.},
	Mrclass = {22E46 (22E45)},
	Mrnumber = {981739},
	Mrreviewer = {J. A. Wolf},
	Number = {1},
	Pages = {103--176},
	Title = {The unitary dual for complex classical {L}ie groups},
	Url = {http://dx.doi.org/10.1007/BF01393972},
	Volume = {96},
	Year = {1989},
	Bdsk-Url-1 = {http://dx.doi.org/10.1007/BF01393972}}

@article{MR,
	Author = {M{\oe}glin, Colette and Renard, David},
	Journal = {ArXiv:1604.07328},
	Title = {Paquets d'Arthur des groupes classiques complexes}}

@article{KS,
	Author = {Kottwitz, Robert E. and Shelstad, Diana},
	Fjournal = {Ast\'erisque},
	Issn = {0303-1179},
	Journal = {Ast\'erisque},
	Mrclass = {22E55 (11F70 11R34 22-02 22E50)},
	Mrnumber = {1687096},
	Mrreviewer = {Volker J. Heiermann},
	Number = {255},
	Pages = {vi+190},
	Title = {Foundations of twisted endoscopy},
	Year = {1999}}

@article{SV1,
	Author = {Schmid, Wilfried and Vilonen, Kari},
	Coden = {INVMBH},
	Doi = {10.1007/s002220050060},
	Fjournal = {Inventiones Mathematicae},
	Issn = {0020-9910},
	Journal = {Invent. Math.},
	Mrclass = {32C38 (22E46 32C37)},
	Mrnumber = {1369425},
	Mrreviewer = {Jen-Tseh Chang},
	Number = {1-3},
	Pages = {451--502},
	Title = {Characteristic cycles of constructible sheaves},
	Url = {http://dx.doi.org/10.1007/s002220050060},
	Volume = {124},
	Year = {1996},
	Bdsk-Url-1 = {http://dx.doi.org/10.1007/s002220050060}}

@article{SV2,
	Author = {Schmid, Wilfried and Vilonen, Kari},
	Coden = {ANMAAH},
	Doi = {10.2307/121129},
	Fjournal = {Annals of Mathematics. Second Series},
	Issn = {0003-486X},
	Journal = {Ann. of Math. (2)},
	Mrclass = {22E45 (22E30 35A27)},
	Mrnumber = {1779564},
	Mrreviewer = {Ernst-Wilhelm Zink},
	Number = {3},
	Pages = {1071--1118},
	Title = {Characteristic cycles and wave front cycles of representations of reductive {L}ie groups},
	Volume = {151},
	Year = {2000},
	Bdsk-Url-1 = {http://dx.doi.org/10.2307/121129}}

@article{Arthur2006,
	Author = {Arthur, James},
	Doi = {10.4310/PAMQ.2006.v2.n1.a9},
	Fjournal = {Pure and Applied Mathematics Quarterly},
	Issn = {1558-8599},
	Journal = {Pure Appl. Math. Q.},
	Mrclass = {22E50 (11F70 20G25 22E55)},
	Mrnumber = {2217572},
	Mrreviewer = {B. Sury},
	Number = {1, Special Issue: In honor of John H. Coates. Part 1},
	Pages = {199--217},
	Title = {A note on {$L$}-packets},
	Url = {http://dx.doi.org/10.4310/PAMQ.2006.v2.n1.a9},
	Volume = {2},
	Year = {2006},
	Bdsk-Url-1 = {http://dx.doi.org/10.4310/PAMQ.2006.v2.n1.a9}}

@incollection{Shelstad_tempered_endoscopy,
	Author = {Shelstad, D.},
	Booktitle = {Representation theory of real reductive {L}ie groups},
	Doi = {10.1090/conm/472/09241},
	Mrclass = {22E45 (11S37)},
	Mrnumber = {2454336},
	Mrreviewer = {Ravi Raghunathan},
	Pages = {215--246},
	Publisher = {Amer. Math. Soc., Providence, RI},
	Series = {Contemp. Math.},
	Title = {Tempered endoscopy for real groups. {I}. {G}eometric transfer with canonical factors},
	Url = {http://dx.doi.org/10.1090/conm/472/09241},
	Volume = {472},
	Year = {2008},
	Bdsk-Url-1 = {http://dx.doi.org/10.1090/conm/472/09241}}

@article{Langlands-Shelstad,
	Author = {Langlands, R. P. and Shelstad, D.},
	Coden = {MAANA},
	Doi = {10.1007/BF01458070},
	Fjournal = {Mathematische Annalen},
	Issn = {0025-5831},
	Journal = {Math. Ann.},
	Mrclass = {11S37 (11F70 11F72 22E35 22E45 22E50)},
	Mrnumber = {909227},
	Mrreviewer = {Ernst-Wilhelm Zink},
	Number = {1-4},
	Pages = {219--271},
	Title = {On the definition of transfer factors},
	Url = {http://dx.doi.org/10.1007/BF01458070},
	Volume = {278},
	Year = {1987},
	Bdsk-Url-1 = {http://dx.doi.org/10.1007/BF01458070}}

@article{BMM2,
	Author = {Bergeron, Nicolas and Millson, John and Moeglin, Colette},
	Journal = {ArXiv:1110.3049},
	Title = {Hodge type theorems for arithmetic manifolds associated to orthogonal groups}}

@article{CL,
	Author = {Chenevier, Ga{\"e}tan and Lannes, Jean},
	Journal = {ArXiv:1409.7616},
	Title = {Formes automorphes et voisins de Kneser des r{\'e}seaux de Niemeier}}

@article{MS,
	Author = {Morel, Sophie and Suh, Junecue},
	Journal = {ArXiv:1408.0461},
	Title = {The standard sign conjecture on algebraic cycles: the case of Shimura varieties}}


@article{BMM1,
	Author = {Bergeron, Nicolas and Millson, John and Moeglin, Colette},
	Coden = {ACMAA8},
	Doi = {10.1007/s11511-016-0136-2},
	Fjournal = {Acta Mathematica},
	Issn = {0001-5962},
	Journal = {Acta Math.},
	Mrclass = {11G18 (14G35 22E46 22E47 32Q99)},
	Mrnumber = {3508219},
	Number = {1},
	Pages = {1--125},
	Title = {The {H}odge conjecture and arithmetic quotients of complex balls},
	Url = {http://dx.doi.org/10.1007/s11511-016-0136-2},
	Volume = {216},
	Year = {2016},
	Bdsk-Url-1 = {http://dx.doi.org/10.1007/s11511-016-0136-2}}

@article{CR,
	Author = {Chenevier, Ga{\"e}tan and Renard, David},
	Coden = {MAMCAU},
	Doi = {10.1090/memo/1121},
	Fjournal = {Memoirs of the American Mathematical Society},
	Isbn = {978-1-4704-1094-0; 978-1-4704-2509-8},
	Issn = {0065-9266},
	Journal = {Mem. Amer. Math. Soc.},
	Mrclass = {11F80 (11F46 11F70 11G40 11H06 22E46 22E55)},
	Mrnumber = {3399888},
	Mrreviewer = {Dihua Jiang},
	Number = {1121},
	Pages = {v+122},
	Title = {Level one algebraic cusp forms of classicalgroups of small rank},
	Url = {http://dx.doi.org/10.1090/memo/1121},
	Volume = {237},
	Year = {2015},
	Bdsk-Url-1 = {http://dx.doi.org/10.1090/memo/1121}}

@incollection{Kot,
	Author = {Kottwitz, Robert E.},
	Booktitle = {Automorphic forms, {S}himura varieties, and {$L$}-functions, {V}ol.\ {I} ({A}nn {A}rbor, {MI}, 1988)},
	Mrclass = {11G18 (11F70 11R39)},
	Mrnumber = {1044820},
	Pages = {161--209},
	Publisher = {Academic Press, Boston, MA},
	Series = {Perspect. Math.},
	Title = {Shimura varieties and {$\lambda$}-adic representations},
	Volume = {10},
	Year = {1990}}

@article{Arthur89,
	Author = {Arthur, James},
	Fjournal = {Ast\'erisque},
	Issn = {0303-1179},
	Journal = {Ast\'erisque},
	Mrclass = {22E50 (11F70)},
	Mrnumber = {1021499},
	Mrreviewer = {Marko Tadi{\'c}},
	Note = {Orbites unipotentes et repr{\'e}sentations, II},
	Number = {171-172},
	Pages = {13--71},
	Title = {Unipotent automorphic representations: conjectures},
	Year = {1989}}
@incollection {Arthur08,
    AUTHOR = {Arthur, James},
     TITLE = {Problems for real groups},
 BOOKTITLE = {Representation theory of real reductive {L}ie groups},
    SERIES = {Contemp. Math.},
    VOLUME = {472},
     PAGES = {39--62},
 PUBLISHER = {Amer. Math. Soc., Providence, RI},
      YEAR = {2008}}

@incollection {Shelstad08,
    AUTHOR = {Shelstad, D.},
     TITLE = {Tempered endoscopy for real groups. {I}. {G}eometric transfer
              with canonical factors},
 BOOKTITLE = {Representation theory of real reductive {L}ie groups},
    SERIES = {Contemp. Math.},
    VOLUME = {472},
     PAGES = {215--246},
 PUBLISHER = {Amer. Math. Soc., Providence, RI},
      YEAR = {2008}}

@article{AM,
	Author = {Arancibia, Nicol{\'a}s and Mezo, Paul},
	Journal = {In preparation},
	Title = {Equivalent definitions of Arthur-packets for real classical groups}}

@incollection{Tanisaki,
	Author = {Tanisaki, Toshiyuki},
	Booktitle = {Algebraic groups and related topics ({K}yoto/{N}agoya, 1983)},
	Mrclass = {22E46 (20G05)},
	Mrnumber = {803333},
	Mrreviewer = {D. Mili\v ci\'c},
	Pages = {139--154},
	Publisher = {North-Holland, Amsterdam},
	Series = {Adv. Stud. Pure Math.},
	Title = {Holonomic systems on a flag variety associated to {H}arish-{C}handra modules and representations of a {W}eyl group},
	Volume = {6},
	Year = {1985}}

@article{Johnson,
	Author = {Johnson, Joseph F.},
	Fjournal = {Mathematische Annalen},
	Issn = {0025-5831},
	Journal = {Math. Ann.},
	Mrclass = {22E47 (17B10)},
	Mrnumber = {738259},
	Mrreviewer = {Dan Barbasch},
	Number = {3},
	Pages = {377--393},
	Title = {Lie algebra cohomology and the resolution of certain {H}arish-{C}handra modules},
	Url = {https://doi.org/10.1007/BF01456096},
	Volume = {267},
	Year = {1984},
	Bdsk-Url-1 = {https://doi.org/10.1007/BF01456096}}

@article{HottaR,
	Author = {Hotta, Ryoshi},
	Fjournal = {The Tohoku Mathematical Journal. Second Series},
	Issn = {0040-8735},
	Journal = {Tohoku Math. J. (2)},
	Mrclass = {20G05 (17B10 17B35)},
	Mrnumber = {733619},
	Number = {1},
	Pages = {49--74},
	Title = {On {J}oseph's construction of {W}eyl group representations},
	Url = {https://doi.org/10.2748/tmj/1178228903},
	Volume = {36},
	Year = {1984},
	Bdsk-Url-1 = {https://doi.org/10.2748/tmj/1178228903}}

@book{fulton,
	Author = {Fulton, William},
	Doi = {10.1007/978-1-4612-1700-8},
	Edition = {Second},
	Isbn = {3-540-62046-X; 0-387-98549-2},
	Mrclass = {14C17 (14-02)},
	Mrnumber = {1644323},
	Pages = {xiv+470},
	Publisher = {Springer-Verlag, Berlin},
	Series = {Ergebnisse der Mathematik und ihrer Grenzgebiete. 3. Folge. A Series of Modern Surveys in Mathematics [Results in Mathematics and Related Areas. 3rd Series. A Series of Modern Surveys in Mathematics]},
	Title = {Intersection theory},
	Url = {https://doi.org/10.1007/978-1-4612-1700-8},
	Volume = {2},
	Year = {1998},
	Bdsk-Url-1 = {https://doi.org/10.1007/978-1-4612-1700-8},
	Bdsk-Url-2 = {http://dx.doi.org/10.1007/978-1-4612-1700-8}}

@book{Hotta,
	Author = {Hotta, Ryoshi and Takeuchi, Kiyoshi and Tanisaki, Toshiyuki},
	Doi = {10.1007/978-0-8176-4523-6},
	Isbn = {978-0-8176-4363-8},
	Mrclass = {32C38 (14F05 14F10 17B10)},
	Mrnumber = {2357361},
	Mrreviewer = {Corrado Marastoni},
	Note = {Translated from the 1995 Japanese edition by Takeuchi},
	Pages = {xii+407},
	Publisher = {Birkh\"{a}user Boston, Inc., Boston, MA},
	Series = {Progress in Mathematics},
	Title = {{$D$}-modules, perverse sheaves, and representation theory},
	Url = {https://doi.org/10.1007/978-0-8176-4523-6},
	Volume = {236},
	Year = {2008},
	Bdsk-Url-1 = {https://doi.org/10.1007/978-0-8176-4523-6},
	Bdsk-Url-2 = {http://dx.doi.org/10.1007/978-0-8176-4523-6}}

@article{MirkovicVilonen,
	Author = {Mirkovi\'{c}, I. and Vilonen, K.},
	Doi = {10.1007/BF01394339},
	Fjournal = {Inventiones Mathematicae},
	Issn = {0020-9910},
	Journal = {Invent. Math.},
	Mrclass = {20G05 (22E47)},
	Mrnumber = {948107},
	Mrreviewer = {Bhama Srinivasan},
	Number = {2},
	Pages = {405--418},
	Title = {Characteristic varieties of character sheaves},
	Url = {https://doi.org/10.1007/BF01394339},
	Volume = {93},
	Year = {1988},
	Bdsk-Url-1 = {https://doi.org/10.1007/BF01394339},
	Bdsk-Url-2 = {http://dx.doi.org/10.1007/BF01394339}}

@article{SV,
	Author = {Schmid, Wilfried and Vilonen, Kari},
	Doi = {10.1007/s002220050060},
	Fjournal = {Inventiones Mathematicae},
	Issn = {0020-9910},
	Journal = {Invent. Math.},
	Mrclass = {32C38 (22E46 32C37)},
	Mrnumber = {1369425},
	Mrreviewer = {Jen-Tseh Chang},
	Number = {1-3},
	Pages = {451--502},
	Title = {Characteristic cycles of constructible sheaves},
	Url = {https://doi.org/10.1007/s002220050060},
	Volume = {124},
	Year = {1996},
	Bdsk-Url-1 = {https://doi.org/10.1007/s002220050060},
	Bdsk-Url-2 = {http://dx.doi.org/10.1007/s002220050060}}


@incollection {Arthur84,
    AUTHOR = {Arthur, James},
     TITLE = {On some problems suggested by the trace formula},
 BOOKTITLE = {Lie group representations, {II} ({C}ollege {P}ark, {M}d.,
              1982/1983)},
    SERIES = {Lecture Notes in Math.},
    VOLUME = {1041},
     PAGES = {1--49},
 PUBLISHER = {Springer, Berlin},
      YEAR = {1984}}

@book{Springer,
	Author = {Springer, T. A.},
	Doi = {10.1007/978-0-8176-4840-4},
	Edition = {Second},
	Isbn = {0-8176-4021-5},
	Mrclass = {20G15 (14L10)},
	Mrnumber = {1642713},
	Mrreviewer = {Andy R. Magid},
	Pages = {xiv+334},
	Publisher = {Birkh\"{a}user Boston, Inc., Boston, MA},
	Series = {Progress in Mathematics},
	Title = {Linear algebraic groups},
	Url = {https://doi.org/10.1007/978-0-8176-4840-4},
	Volume = {9},
	Year = {1998},
	Bdsk-Url-1 = {https://doi.org/10.1007/978-0-8176-4840-4},
	Bdsk-Url-2 = {http://dx.doi.org/10.1007/978-0-8176-4840-4}}

@article{Shelstad81,
	Author = {Shelstad, D.},
	Doi = {10.4153/CJM-1981-044-4},
	Fjournal = {Canadian Journal of Mathematics. Journal Canadien de Math\'{e}matiques},
	Issn = {0008-414X},
	Journal = {Canad. J. Math.},
	Mrclass = {22E50 (10D99 20G20)},
	Mrnumber = {627641},
	Mrreviewer = {J. Tunnell},
	Number = {3},
	Pages = {513--558},
	Title = {Embeddings of {$L$}-groups},
	Url = {https://doi.org/10.4153/CJM-1981-044-4},
	Volume = {33},
	Year = {1981},
	Bdsk-Url-1 = {https://doi.org/10.4153/CJM-1981-044-4},
	Bdsk-Url-2 = {http://dx.doi.org/10.4153/CJM-1981-044-4}}

@book{Kashiwara-Schapira,
	Author = {Kashiwara, Masaki and Schapira, Pierre},
	Doi = {10.1007/978-3-662-02661-8},
	Isbn = {3-540-51861-4},
	Mrclass = {58G07 (18F20 32C38 35A27)},
	Mrnumber = {1074006},
	Mrreviewer = {Michael M. Kapranov},
	Note = {With a chapter in French by Christian Houzel},
	Pages = {x+512},
	Publisher = {Springer-Verlag, Berlin},
	Series = {Grundlehren der Mathematischen Wissenschaften [Fundamental Principles of Mathematical Sciences]},
	Title = {Sheaves on manifolds},
	Url = {https://doi.org/10.1007/978-3-662-02661-8},
	Volume = {292},
	Year = {1990},
	Bdsk-Url-1 = {https://doi.org/10.1007/978-3-662-02661-8},
	Bdsk-Url-2 = {http://dx.doi.org/10.1007/978-3-662-02661-8}}

@article{ViMir,
	Author = {Mirkovi\'{c}, I. and Vilonen, K.},
	Doi = {10.1007/BF01394339},
	Fjournal = {Inventiones Mathematicae},
	Issn = {0020-9910},
	Journal = {Invent. Math.},
	Mrclass = {20G05 (22E47)},
	Mrnumber = {948107},
	Mrreviewer = {Bhama Srinivasan},
	Number = {2},
	Pages = {405--418},
	Title = {Characteristic varieties of character sheaves},
	Url = {https://doi.org/10.1007/BF01394339},
	Volume = {93},
	Year = {1988},
	Bdsk-Url-1 = {https://doi.org/10.1007/BF01394339},
	Bdsk-Url-2 = {http://dx.doi.org/10.1007/BF01394339}}

@incollection{Langlands,
	Author = {Langlands, R. P.},
	Booktitle = {Representation theory and harmonic analysis on semisimple {L}ie groups},
	Doi = {10.1090/surv/031/03},
	Mrclass = {22E45 (22E46)},
	Mrnumber = {1011897},
	Mrreviewer = {D. Mili\v{c}i\'{c}},
	Pages = {101--170},
	Publisher = {Amer. Math. Soc., Providence, RI},
	Series = {Math. Surveys Monogr.},
	Title = {On the classification of irreducible representations of real algebraic groups},
	Url = {https://doi.org/10.1090/surv/031/03},
	Volume = {31},
	Year = {1989},
	Bdsk-Url-1 = {https://doi.org/10.1090/surv/031/03},
	Bdsk-Url-2 = {http://dx.doi.org/10.1090/surv/031/03}}

@article{AV1,
	Author = {Adams, Jeffrey and Vogan, Jr., David A.},
	Doi = {10.2307/2374739},
	Fjournal = {American Journal of Mathematics},
	Issn = {0002-9327},
	Journal = {Amer. J. Math.},
	Mrclass = {22E46 (22E45)},
	Mrnumber = {1147719},
	Mrreviewer = {D. Mili\v{c}i\'{c}},
	Number = {1},
	Pages = {45--138},
	Title = {{$L$}-groups, projective representations, and the {L}anglands classification},
	Url = {https://doi.org/10.2307/2374739},
	Volume = {114},
	Year = {1992},
	Bdsk-Url-1 = {https://doi.org/10.2307/2374739},
	Bdsk-Url-2 = {http://dx.doi.org/10.2307/2374739}}

@incollection{AVParameters,
	Author = {Adams, Jeffrey and Vogan, Jr., David A.},
	Booktitle = {Representations of reductive groups},
	Mrclass = {22E46 (20G05 20G07 20G20)},
	Mrnumber = {3495793},
	Mrreviewer = {Kyo Nishiyama},
	Pages = {51--116},
	Publisher = {Birkh\"{a}user/Springer, Cham},
	Series = {Progr. Math.},
	Title = {Parameters for twisted representations},
	Volume = {312},
	Year = {2015}}

@article{Bi,
	Author = {Bien, Fr\'{e}d\'{e}ric},
	Fjournal = {Bulletin de la Soci\'{e}t\'{e} Math\'{e}matique de Belgique. S\'{e}rie A},
	Issn = {0037-9476},
	Journal = {Bull. Soc. Math. Belg. S\'{e}r. A},
	Mrclass = {22E45 (22E47 43A85)},
	Mrnumber = {885522},
	Mrreviewer = {D. Mili\v{c}i\'{c}},
	Pages = {37--44 (1987)},
	Title = {Spherical {$D$}-modules and representations on symmetric spaces},
	Volume = {38},
	Year = {1986}}

@article{AMR,
	Author = {Arancibia, Nicol\'{a}s and M{\oe}glin, Colette and Renard, David},
	Doi = {10.5802/afst.1590},
	Fjournal = {Annales de la Facult\'{e} des Sciences de Toulouse. Math\'{e}matiques. S\'{e}rie 6},
	Issn = {0240-2963},
	Journal = {Ann. Fac. Sci. Toulouse Math. (6)},
	Mrclass = {22E55 (22E50)},
	Mrnumber = {3919547},
	Number = {5},
	Pages = {1023--1105},
	Title = {Paquets d'{A}rthur des groupes classiques et unitaires},
	Url = {https://doi.org/10.5802/afst.1590},
	Volume = {27},
	Year = {2018},
	Bdsk-Url-1 = {https://doi.org/10.5802/afst.1590},
	Bdsk-Url-2 = {http://dx.doi.org/10.5802/afst.1590}}

@book{OTaibi,
	Author = {Ta{\"\i}bi, Olivier},
	Mrclass = {Thesis},
	Note = {Thesis (Ph.D.)--\'Ecole Polytechnique (France)},
	Pages = {136},
	Title = {Deux applications arithm\'etiques des travaux d'Arthur},
	Url = {https://otaibi.perso.math.cnrs.fr/these_taibi.pdf},
	Year = {2014},
	Bdsk-Url-1 = {https://otaibi.perso.math.cnrs.fr/these_taibi.pdf}}

@article{ICIV,
	Author = {Vogan, Jr., David A.},
	Fjournal = {Duke Mathematical Journal},
	Issn = {0012-7094},
	Journal = {Duke Math. J.},
	Mrclass = {22E46 (22E47)},
	Mrnumber = {683010},
	Mrreviewer = {A. U. Klimyk},
	Number = {4},
	Pages = {943--1073},
	Title = {Irreducible characters of semisimple {L}ie groups. {IV}. {C}haracter-multiplicity duality},
	Url = {http://projecteuclid.org/euclid.dmj/1077315538},
	Volume = {49},
	Year = {1982},
	Bdsk-Url-1 = {http://projecteuclid.org/euclid.dmj/1077315538}}

@incollection{Adams,
	Author = {Adams, Jeffrey},
	Booktitle = {Harmonic analysis on reductive groups ({B}runswick, {ME}, 1989)},
	Mrclass = {22E45 (22E46)},
	Mrnumber = {1168475},
	Mrreviewer = {David Joyner},
	Pages = {1--50},
	Publisher = {Birkh\"{a}user Boston, Boston, MA},
	Series = {Progr. Math.},
	Title = {Lifting of characters},
	Volume = {101},
	Year = {1991}}

@article{Kashiwara85,
	Author = {Kashiwara, Masaki},
	Fjournal = {Ast\'{e}risque},
	Issn = {0303-1179},
	Journal = {Ast\'{e}risque},
	Mrclass = {58G15 (32C38 58G07)},
	Mrnumber = {804053},
	Mrreviewer = {Teresa Monteiro-Fernandes},
	Note = {Differential systems and singularities (Luminy, 1983)},
	Number = {130},
	Pages = {193--209},
	Title = {Index theorem for constructible sheaves},
	Year = {1985}}

@article{BoBrI,
	Author = {Borho, Walter and Brylinski, Jean-Luc},
	Doi = {10.1007/BF01389364},
	Fjournal = {Inventiones Mathematicae},
	Issn = {0020-9910},
	Journal = {Invent. Math.},
	Mrclass = {17B35 (43A85)},
	Mrnumber = {679767},
	Mrreviewer = {Wim H. Hesselink},
	Number = {3},
	Pages = {437--476},
	Title = {Differential operators on homogeneous spaces. {I}. {I}rreducibility of the associated variety for annihilators of induced modules},
	Url = {https://doi.org/10.1007/BF01389364},
	Volume = {69},
	Year = {1982},
	Bdsk-Url-1 = {https://doi.org/10.1007/BF01389364},
	Bdsk-Url-2 = {http://dx.doi.org/10.1007/BF01389364}}

@article{BoBrIII,
	Author = {Borho, W. and Brylinski, J.-L.},
	Doi = {10.1007/BF01388547},
	Fjournal = {Inventiones Mathematicae},
	Issn = {0020-9910},
	Journal = {Invent. Math.},
	Mrclass = {22E47 (17B35 32C38 43A85)},
	Mrnumber = {784528},
	Mrreviewer = {D. Mili\v{c}i\'{c}},
	Number = {1},
	Pages = {1--68},
	Title = {Differential operators on homogeneous spaces. {III}. {C}haracteristic varieties of {H}arish-{C}handra modules and of primitive ideals},
	Url = {https://doi.org/10.1007/BF01388547},
	Volume = {80},
	Year = {1985},
	Bdsk-Url-1 = {https://doi.org/10.1007/BF01388547},
	Bdsk-Url-2 = {http://dx.doi.org/10.1007/BF01388547}}

@book {Knapp,
    AUTHOR = {Knapp, Anthony W.},
     TITLE = {Representation theory of semisimple groups},
    SERIES = {Princeton Mathematical Series},
    VOLUME = {36},
      NOTE = {An overview based on examples},
 PUBLISHER = {Princeton University Press, Princeton, NJ},
      YEAR = {1986},
     PAGES = {xviii+774}}

@book{Knapp-Vogan,
	Author = {Knapp, Anthony W. and Vogan, Jr., David A.},
	Doi = {10.1515/9781400883936},
	Isbn = {0-691-03756-6},
	Mrclass = {22E46 (22-02 22E47)},
	Mrnumber = {1330919},
	Mrreviewer = {William M. McGovern},
	Pages = {xx+948},
	Publisher = {Princeton University Press, Princeton, NJ},
	Series = {Princeton Mathematical Series},
	Title = {Cohomological induction and unitary representations},
	Url = {https://doi.org/10.1515/9781400883936},
	Volume = {45},
	Year = {1995},
	Bdsk-Url-1 = {https://doi.org/10.1515/9781400883936},
	Bdsk-Url-2 = {http://dx.doi.org/10.1515/9781400883936}}

@book{Shiota,
	Author = {Shiota, Masahiro},
	Doi = {10.1007/BFb0078571},
	Isbn = {3-540-18102-4},
	Mrclass = {58A07 (14G30 32B15 57Q99 57R15)},
	Mrnumber = {904479},
	Mrreviewer = {J. Bochnak},
	Pages = {vi+223},
	Publisher = {Springer-Verlag, Berlin},
	Series = {Lecture Notes in Mathematics},
	Title = {Nash manifolds},
	Url = {https://doi.org/10.1007/BFb0078571},
	Volume = {1269},
	Year = {1987},
	Bdsk-Url-1 = {https://doi.org/10.1007/BFb0078571},
	Bdsk-Url-2 = {http://dx.doi.org/10.1007/BFb0078571}}

@article{Kashiwara-Schapira85,
	Author = {Kashiwara, Masaki and Schapira, Pierre},
	Fjournal = {Ast\'{e}risque},
	Issn = {0303-1179},
	Journal = {Ast\'{e}risque},
	Mrclass = {58G15 (32C35 32C38 58G07)},
	Mrnumber = {794557},
	Mrreviewer = {Teresa Monteiro-Fernandes},
	Note = {Corrections to this article can be found in Ast\'{e}risque No. 130, p. 209},
	Number = {128},
	Pages = {235},
	Title = {Microlocal study of sheaves},
	Year = {1985}}

@book {GM,
    AUTHOR = {Goresky, Mark and MacPherson, Robert},
     TITLE = {Stratified {M}orse theory},
    SERIES = {Ergebnisse der Mathematik und ihrer Grenzgebiete (3) [Results
              in Mathematics and Related Areas (3)]},
    VOLUME = {14},
 PUBLISHER = {Springer-Verlag, Berlin},
      YEAR = {1988},
     PAGES = {xiv+272}}
          
@article{Trappa,
	Author = {Leticia Barchini and Petr Somberg and Peter E. Trapa},
	Journal = {ArXiv:1801.03465},
	Title = {Reducible characteristic cycles of Harish-Chandra modules for $\mathrm{U}(p,q)$ and the Kashiwara-Saito singularity},
	Year = {2018}}


@article{LV2014,
	Author = {Lusztig, George and Vogan, Jr., David A.},
	Doi = {10.1215/00127094-2644684},
	Fjournal = {Duke Mathematical Journal},
	Issn = {0012-7094},
	Journal = {Duke Math. J.},
	Mrclass = {20G40 (20C08)},
	Mrnumber = {3189436},
	Mrreviewer = {Anthony Henderson},
	Number = {5},
	Pages = {983--1034},
	Title = {Quasisplit {H}ecke algebras and symmetric spaces},
	Url = {https://doi.org/10.1215/00127094-2644684},
	Volume = {163},
	Year = {2014},
	Bdsk-Url-1 = {https://doi.org/10.1215/00127094-2644684},
	Bdsk-Url-2 = {http://dx.doi.org/10.1215/00127094-2644684}}

@article{Adams-KLV,
	Author = {Adams, Jeffrey},
	Journal = {ArXiv:1710.04709},
	Title = {Computing twisted KLV polynomials},
	Year = {2017}}

@article{Adams-Fokko,
	Author = {Adams, Jeffrey and du Cloux, Fokko},
	Doi = {10.1017/S1474748008000352},
	Fjournal = {Journal of the Institute of Mathematics of Jussieu. JIMJ. Journal de l'Institut de Math\'{e}matiques de Jussieu},
	Issn = {1474-7480},
	Journal = {J. Inst. Math. Jussieu},
	Mrclass = {22E50 (05E99)},
	Mrnumber = {2485793},
	Mrreviewer = {David A. Renard},
	Number = {2},
	Pages = {209--259},
	Title = {Algorithms for representation theory of real reductive groups},
	Url = {https://doi.org/10.1017/S1474748008000352},
	Volume = {8},
	Year = {2009},
	Bdsk-Url-1 = {https://doi.org/10.1017/S1474748008000352},
	Bdsk-Url-2 = {http://dx.doi.org/10.1017/S1474748008000352}}

@article{LV,
	Author = {Lusztig, George and Vogan, Jr., David A.},
	Journal = {Invent. Math.},
	Number = {2},
	Pages = {365--379},
	Title = {Singularities of closures of {$K$}-orbits on flag manifolds},
	Volume = {71},
	Year = {1983}}

@article{ICIII,
	Author = {Vogan, David A.},
	Journal = {Invent. Math.},
	Number = {2},
	Pages = {381--417},
	Title = {Irreducible characters of semisimple {L}ie groups. {III}. {P}roof of {K}azhdan-{L}usztig conjecture in the integral case},
	Volume = {71},
	Year = {1983}}

@incollection{Christie-Mezo,
	Author = {Christie, Aaron and Mezo, Paul},
	Booktitle = {Geometric aspects of the trace formula},
	Pages = {121--161},
	Publisher = {Springer, Cham},
	Series = {Simons Symp.},
	Title = {Twisted endoscopy from a sheaf-theoretic perspective},
	Year = {2018}}

@book{Boreletal,
	Author = {Borel, A. and Grivel, P.-P. and Kaup, B. and Haefliger, A. and Malgrange, B. and Ehlers, F.},
	Pages = {xii+355},
	Publisher = {Academic Press, Inc., Boston, MA},
	Series = {Perspectives in Mathematics},
	Title = {Algebraic {$D$}-modules},
	Volume = {2},
	Year = {1987}}

@book{Lunts,
	Author = {Bernstein, Joseph and Lunts, Valery},
	Pages = {iv+139},
	Publisher = {Springer-Verlag, Berlin},
	Series = {Lecture Notes in Mathematics},
	Title = {Equivariant sheaves and functors},
	Volume = {1578},
	Year = {1994}}

@article{Kaletha,
	Author = {Kaletha, Tasho},
	Journal = {Ann. of Math. (2)},
	Number = {2},
	Pages = {559--632},
	Title = {Rigid inner forms of real and {$p$}-adic groups},
	Volume = {184},
	Year = {2016}}

@article{SmithiesTaylor,
	Author = {Smithies, Laura and Taylor, Joseph L.},
	Journal = {Represent. Theory},
	Pages = {398--445},
	Title = {An analytic {R}iemann-{H}ilbert correspondence for semi-simple {L}ie groups}, 
	Volume = {4},
	Year = {2000}}

@book{beyond,
	Author = {Knapp, Anthony W.},
	Pages = {xvi+604},
	Publisher = {Birkh\"{a}user Boston, Inc., Boston, MA},
	Series = {Progress in Mathematics},
	Title = {Lie groups beyond an introduction},
	Volume = {140},
	Year = {1996}}

@article{cartan,
	Author = {Cartan, Elie},
	Journal = {Ann. Sci. \'{E}cole Norm. Sup. (3)},
	Pages = {263--355},
	Title = {Les groupes r\'{e}els simples, finis et continus},
	Volume = {31},
	Year = {1914}}

@article {Vogan78,
    AUTHOR = {Vogan, Jr., David A.},
     TITLE = {Gelfand-{K}irillov dimension for {H}arish-{C}handra modules},
   JOURNAL = {Invent. Math.},
  FJOURNAL = {Inventiones Mathematicae},
    VOLUME = {48},
      YEAR = {1978},
    NUMBER = {1},
     PAGES = {75--98}}

@article {MR507800,
    AUTHOR = {Kostant, Bertram},
     TITLE = {On {W}hittaker vectors and representation theory},
   JOURNAL = {Invent. Math.},
  FJOURNAL = {Inventiones Mathematicae},
    VOLUME = {48},
      YEAR = {1978},
    NUMBER = {2},
     PAGES = {101--184}}

@book{Bourbaki,
	Author = {Bourbaki, Nicolas},
	Note = {Translated from the 1968 French original by Andrew Pressley},
	Pages = {xii+300},
	Publisher = {Springer-Verlag, Berlin},
	Series = {Elements of Mathematics (Berlin)},
	Title = {Lie groups and {L}ie algebras. {C}hapters 4--6},
	Year = {2002}}

@book{greenbook,
	Author = {Vogan, Jr., David A.},
	Pages = {xvii+754},
	Publisher = {Birkh\"{a}user, Boston, Mass.},
	Series = {Progress in Mathematics},
	Title = {Representations of real reductive {L}ie groups},
	Volume = {15},
	Year = {1981}}

@article{AV92,
	Author = {Adams, Jeffrey and Vogan, Jr., David A.},
	Journal = {Amer. J. Math.},
	Number = {1},
	Pages = {45--138},
	Title = {{$L$}-groups, projective representations, and the {L}anglands classification},
	Volume = {114},
	Year = {1992}}

}

@incollection {vogan_local_langlands,
    AUTHOR = {Vogan, Jr., David A.},
     TITLE = {The local {L}anglands conjecture},
 BOOKTITLE = {Representation theory of groups and algebras},
    SERIES = {Contemp. Math.},
    VOLUME = {145},
     PAGES = {305--379},
 PUBLISHER = {Amer. Math. Soc.},
   ADDRESS = {Providence, RI},
      YEAR = {1993},
   MRCLASS = {22E50 (11S37)},
  MRNUMBER = {MR1216197 (94e:22031)},
MRREVIEWER = {Ernst-Wilhelm Zink},
}


@incollection {shelstad_endoscopy,
    AUTHOR = {Shelstad, Diana},
     TITLE = {Orbital integrals, endoscopic groups and
              {$L$}-indistinguishability for real groups},
 BOOKTITLE = {Conference on automorphic theory ({D}ijon, 1981)},
    SERIES = {Publ. Math. Univ. Paris VII},
    VOLUME = {15},
     PAGES = {135--219},
 PUBLISHER = {Univ. Paris VII},
   ADDRESS = {Paris},
      YEAR = {1983},
   MRCLASS = {22E45 (11F70 11F72)},
  MRNUMBER = {MR723184 (85i:22019)},
MRREVIEWER = {Joe Repka},
}

@incollection {snowbird,
    AUTHOR = {Adams, Jeffrey},
     TITLE = {Guide to the {A}tlas software: computational representation
              theory of real reductive groups},
 BOOKTITLE = {Representation theory of real reductive {L}ie groups},
    SERIES = {Contemp. Math.},
    VOLUME = {472},
     PAGES = {1--37},
 PUBLISHER = {Amer. Math. Soc., Providence, RI},
      YEAR = {2008},
   MRCLASS = {22-04 (20G05 22E45 68W30)},
  MRNUMBER = {2454331},
MRREVIEWER = {Maria G. Gargova Fung},
       DOI = {10.1090/conm/472/09235},
       URL = {http://dx.doi.org/10.1090/conm/472/09235},
}

@article {sekiguchi,
    AUTHOR = {Sekiguchi, Jir\=g{o}},
     TITLE = {Remarks on real nilpotent orbits of a symmetric pair},
   JOURNAL = {J. Math. Soc. Japan},
  FJOURNAL = {Journal of the Mathematical Society of Japan},
    VOLUME = {39},
      YEAR = {1987},
    NUMBER = {1},
     PAGES = {127--138},
      ISSN = {0025-5645},
   MRCLASS = {53C35 (17B20)},
  MRNUMBER = {867991},
MRREVIEWER = {Juan Tirao},
       DOI = {10.2969/jmsj/03910127},
       URL = {https://doi-org.proxy-um.researchport.umd.edu/10.2969/jmsj/03910127},
}

@article {galois,
    AUTHOR = {Adams, Jeffrey and Ta{\"i}bi, Olivier},
     TITLE = {Galois and {C}artan cohomology of real groups},
   JOURNAL = {Duke Math. J.},
  FJOURNAL = {Duke Mathematical Journal},
    VOLUME = {167},
      YEAR = {2018},
    NUMBER = {6},
     PAGES = {1057--1097},
      ISSN = {0012-7094},
   MRCLASS = {11E72 (20G10)},
  MRNUMBER = {3786301},
       DOI = {10.1215/00127094-2017-0052},
       URL = {https://doi-org.proxy-um.researchport.umd.edu/10.1215/00127094-2017-0052},
}


@article {avav,
    AUTHOR = {Adams, Jeffrey and Vogan, Jr., David A.},
     TITLE = {Associated varieties for real reductive groups},
   JOURNAL = {Pure Appl. Math. Q.},
  FJOURNAL = {Pure and Applied Mathematics Quarterly},
    VOLUME = {17},
      YEAR = {2021},
    NUMBER = {4},
     PAGES = {1191--1267},
      ISSN = {1558-8599},
   MRCLASS = {22E45 (17B08)},
  MRNUMBER = {4359259},
MRREVIEWER = {William M. McGovern},
       DOI = {10.4310/PAMQ.2021.v17.n4.a2},
       URL = {https://doi-org.proxy-um.researchport.umd.edu/10.4310/PAMQ.2021.v17.n4.a2},
}

@incollection {vogan_bowdoin,
    AUTHOR = {Vogan, Jr., David A.},
     TITLE = {Associated varieties and unipotent representations},
 BOOKTITLE = {Harmonic analysis on reductive groups ({B}runswick, {ME},
              1989)},
    SERIES = {Progr. Math.},
    VOLUME = {101},
     PAGES = {315--388},
 PUBLISHER = {Birkh\"auser Boston},
   ADDRESS = {Boston, MA},
      YEAR = {1991},
   MRCLASS = {22E46},
  MRNUMBER = {MR1168491 (93k:22012)},
MRREVIEWER = {D. Mili{\v{c}}i{\'c}},
}
@article {vogan-gelfand-kirillov,
    AUTHOR = {Vogan, Jr., David A.},
     TITLE = {Gelfand-{K}irillov dimension for {H}arish-{C}handra modules},
   JOURNAL = {Invent. Math.},
  FJOURNAL = {Inventiones Mathematicae},
    VOLUME = {48},
      YEAR = {1978},
    NUMBER = {1},
     PAGES = {75--98},
      ISSN = {0020-9910},
   MRCLASS = {17B35},
  MRNUMBER = {506503},
MRREVIEWER = {Anthony Joseph},
       DOI = {10.1007/BF01390063},
       URL = {https://doi-org.proxy-um.researchport.umd.edu/10.1007/BF01390063},
}

@incollection {howe_wave_front,
    AUTHOR = {Howe, Roger},
     TITLE = {Wave front sets of representations of {L}ie groups},
 BOOKTITLE = {Automorphic forms, representation theory and arithmetic
              ({B}ombay, 1979)},
    SERIES = {Tata Inst. Fund. Res. Studies in Math.},
    VOLUME = {10},
     PAGES = {117--140},
      YEAR = {1981},
   MRCLASS = {22E30 (22E45 35S05 58G15)},
  MRNUMBER = {633659},
MRREVIEWER = {Linda Preiss Rothschild},
}

@article {bv_local_structure,
    AUTHOR = {Barbasch, Dan and Vogan, Jr., David A.},
     TITLE = {The local structure of characters},
   JOURNAL = {J. Funct. Anal.},
  FJOURNAL = {Journal of Functional Analysis},
    VOLUME = {37},
      YEAR = {1980},
    NUMBER = {1},
     PAGES = {27--55},
      ISSN = {0022-1236},
     CODEN = {JFUAAW},
   MRCLASS = {22E30 (22E46)},
  MRNUMBER = {MR576644 (82e:22024)},
MRREVIEWER = {Kenneth Johnson},
}

@article {kostant_whittaker,
    AUTHOR = {Kostant, Bertram},
     TITLE = {On {W}hittaker vectors and representation theory},
   JOURNAL = {Invent. Math.},
  FJOURNAL = {Inventiones Mathematicae},
    VOLUME = {48},
      YEAR = {1978},
    NUMBER = {2},
     PAGES = {101--184},
      ISSN = {0020-9910},
   MRCLASS = {22E47 (22E45)},
  MRNUMBER = {507800},
MRREVIEWER = {A. U. Klimyk},
       DOI = {10.1007/BF01390249},
       URL = {https://doi-org.proxy-um.researchport.umd.edu/10.1007/BF01390249},
}

@article {rossmann_limit_orbits,
    AUTHOR = {Rossmann, W.},
     TITLE = {Limit orbits in reductive {L}ie algebras},
   JOURNAL = {Duke Math. J.},
  FJOURNAL = {Duke Mathematical Journal},
    VOLUME = {49},
      YEAR = {1982},
    NUMBER = {1},
     PAGES = {215--229},
      ISSN = {0012-7094},
   MRCLASS = {22E60 (17B20)},
  MRNUMBER = {650378},
MRREVIEWER = {Frederick W. Keene},
       URL = {http://projecteuclid.org.proxy-um.researchport.umd.edu/euclid.dmj/1077315081},
}

@article {matumoto,
    AUTHOR = {Matumoto, Hisayosi},
     TITLE = {{$C^{-\infty}$}-{W}hittaker vectors corresponding to a
              principal nilpotent orbit of a real reductive linear {L}ie
              group, and wave front sets},
   JOURNAL = {Compositio Math.},
  FJOURNAL = {Compositio Mathematica},
    VOLUME = {82},
      YEAR = {1992},
    NUMBER = {2},
     PAGES = {189--244},
      ISSN = {0010-437X},
   MRCLASS = {22E46 (22E30)},
  MRNUMBER = {1157939},
MRREVIEWER = {Rebecca Herb},
       URL = {http://www.numdam.org/item?id=CM_1992__82_2_189_0},
}

@incollection {vogan_irreducibility,
    AUTHOR = {Vogan, Jr., David A.},
     TITLE = {Irreducibility of discrete series representations for
              semisimple symmetric spaces},
 BOOKTITLE = {Representations of {L}ie groups, {K}yoto, {H}iroshima, 1986},
    SERIES = {Adv. Stud. Pure Math.},
    VOLUME = {14},
     PAGES = {191--221},
 PUBLISHER = {Academic Press, Boston, MA},
      YEAR = {1988},
   MRCLASS = {22E47 (17B35 22D10)},
  MRNUMBER = {1039838},
MRREVIEWER = {Anthony Joseph},
       DOI = {10.2969/aspm/01410191},
       URL = {https://doi-org.proxy-um.researchport.umd.edu/10.2969/aspm/01410191},
}

@article {kostant_tds,
    AUTHOR = {Kostant, Bertram},
     TITLE = {The principal three-dimensional subgroup and the {B}etti
              numbers of a complex simple {L}ie group},
   JOURNAL = {Amer. J. Math.},
  FJOURNAL = {American Journal of Mathematics},
    VOLUME = {81},
      YEAR = {1959},
     PAGES = {973--1032},
      ISSN = {0002-9327},
   MRCLASS = {22.00},
  MRNUMBER = {114875},
MRREVIEWER = {A. J. Coleman},
       DOI = {10.2307/2372999},
       URL = {https://doi-org.proxy-um.researchport.umd.edu/10.2307/2372999},
}

@article {kaletha_epipelagic,
    AUTHOR = {Kaletha, Tasho},
     TITLE = {Epipelagic {$L$}-packets and rectifying characters},
   JOURNAL = {Invent. Math.},
  FJOURNAL = {Inventiones Mathematicae},
    VOLUME = {202},
      YEAR = {2015},
    NUMBER = {1},
     PAGES = {1--89},
      ISSN = {0020-9910},
   MRCLASS = {11S37 (11F66 22E50)},
  MRNUMBER = {3402796},
MRREVIEWER = {Anton Deitmar},
       DOI = {10.1007/s00222-014-0566-4},
       URL = {https://doi.org/10.1007/s00222-014-0566-4},
}


@article {debacker_reeder_generic,
    AUTHOR = {DeBacker, Stephen and Reeder, Mark},
     TITLE = {On some generic very cuspidal representations},
   JOURNAL = {Compos. Math.},
  FJOURNAL = {Compositio Mathematica},
    VOLUME = {146},
      YEAR = {2010},
    NUMBER = {4},
     PAGES = {1029--1055},
      ISSN = {0010-437X},
   MRCLASS = {20G05 (20G25 22E50)},
  MRNUMBER = {2660683},
MRREVIEWER = {Dubravka Ban},
       DOI = {10.1112/S0010437X10004653},
       URL = {https://doi.org/10.1112/S0010437X10004653},
}



@misc {adams_kaletha,
    AUTHOR = {Adams, Jeffrey and Kaletha, Tasho},
     TITLE = {Discrete {S}eries {L}-packets for {R}eal {G}roups},
     NOTE = {\href{https://arxiv.org/abs/2409.13375}{arXiv:2409.13375}}
     }


@article {fm,
    AUTHOR = {Fresse, Lucas and Mehdi, Salah},
     TITLE = {Approximation of nilpotent orbits for simple {L}ie groups},
   JOURNAL = {Glas. Mat. Ser. III},
  FJOURNAL = {Glasnik Matemati\v{c}ki. Serija III},
    VOLUME = {56(76)},
      YEAR = {2021},
    NUMBER = {2},
     PAGES = {287--327},
      ISSN = {0017-095X,1846-7989},
   MRCLASS = {17B08 (22E15)},
  MRNUMBER = {4400846},
MRREVIEWER = {Tiago\ Macedo},
       DOI = {10.3336/gm.56.2.06},
       URL = {https://doi.org/10.3336/gm.56.2.06},
}